@article{Foken2017,
	author={Foken, T.},
	title={{Micrometeorology}},
	journal={Springer Berlin, Heidelberg},
	volume={},
	number={},
	pages={},
	year={2017},
	doi={}
}
